<record xmlns='http://www.loc.gov/MARC21/slim'><leader>01358cai a2200325 a 4500</leader><controlfield tag='001'>5757317</controlfield><controlfield tag='005'>20190717091624.0</controlfield><controlfield tag='006'>m        d        </controlfield><controlfield tag='007'>cr cnu||||||||</controlfield><controlfield tag='008'>061206c20039999xnauu d sd    0   a2eng d</controlfield><datafield ind1='1' ind2=' ' tag='019'><subfield code='a'>41252089</subfield></datafield><datafield ind1=' ' ind2=' ' tag='035'><subfield code='a'>(OCoLC)224911891</subfield></datafield><datafield ind1=' ' ind2=' ' tag='040'><subfield code='a'>VMOU</subfield><subfield code='c'>VMOU</subfield><subfield code='d'>NSL</subfield></datafield><datafield ind1=' ' ind2=' ' tag='042'><subfield code='a'>anuc</subfield></datafield><datafield ind1=' ' ind2=' ' tag='043'><subfield code='a'>u-at---</subfield></datafield><datafield ind1='0' ind2=' ' tag='130'><subfield code='a'>Macquarie dictionary (Online)</subfield></datafield><datafield ind1='1' ind2='0' tag='245'><subfield code='a'>Macquarie dictionary</subfield><subfield code='h'>[electronic resource] :</subfield><subfield code='b'>Australia&apos;s national dictionary online.</subfield></datafield><datafield ind1='3' ind2=' ' tag='246'><subfield code='a'>Australia&apos;s national dictionary online</subfield><subfield code='h'>[electronic resource]</subfield></datafield><datafield ind1=' ' ind2=' ' tag='260'><subfield code='a'>[North Ryde, N.S.W.] :</subfield><subfield code='b'>Macquarie Library,</subfield><subfield code='c'>2003-</subfield></datafield><datafield ind1=' ' ind2=' ' tag='310'><subfield code='a'>Updated annually</subfield></datafield><datafield ind1=' ' ind2=' ' tag='500'><subfield code='a'>Title from title screen (viewed January 25, 2007)</subfield></datafield><datafield ind1=' ' ind2=' ' tag='506'><subfield code='a'>Subscription and registration required for access.</subfield></datafield><datafield ind1=' ' ind2=' ' tag='516'><subfield code='a'>Text (HTML)</subfield></datafield><datafield ind1=' ' ind2=' ' tag='520'><subfield code='a'>The Macquarie dictionary has been online since 2003 and is constantly updated with new words as they enter the Australian language. Searching may be confined to the Macquarie dictionary only, or combined with the thesaurus.</subfield></datafield><datafield ind1=' ' ind2=' ' tag='530'><subfield code='a'>Also available in a print version.</subfield></datafield><datafield ind1=' ' ind2=' ' tag='538'><subfield code='a'>Mode of access: World Wide Web.</subfield></datafield><datafield ind1=' ' ind2='0' tag='650'><subfield code='a'>English language</subfield><subfield code='v'>Dictionaries.</subfield></datafield><datafield ind1=' ' ind2='0' tag='650'><subfield code='a'>English language</subfield><subfield code='z'>Australia</subfield><subfield code='v'>Dictionaries.</subfield></datafield><datafield ind1=' ' ind2='7' tag='655'><subfield code='a'>Electronic databases.</subfield><subfield code='2'>lcsh</subfield></datafield><datafield ind1='4' ind2='0' tag='856'><subfield code='u'>http://www.macquariedictionary.com.au/login</subfield></datafield></record>